
@online{_/src/libipsec_2016,
	title = {/src/libipsec - Repository - {strongSwan}},
	url = {https://wiki.strongswan.org/projects/strongswan/repository/entry/src/libipsec},
	shorttitle = {Repo - libipsec},
	urldate = {2016-07-27},
	date = {2016-07-31},
	file = {/src/libipsec - Repository - strongSwan:/home/thermi/.zotero/zotero/2jo0gjd3.default/zotero/storage/I53S3MKM/libipsec.html:text/html}
}

@online{_bintec_2016,
	title = {bintec Secure {IPSec} Client},
	url = {http://www.bintec-elmeg.com/en/bintec-Secure-IPSec-Client-674.html},
	shorttitle = {Datenblatt - bintec Secure {IPsec} client},
	urldate = {2016-08-13},
	date = {2016},
	file = {bintec Secure IPSec Client:/home/thermi/.zotero/zotero/2jo0gjd3.default/zotero/storage/FXTWX2AK/bintec-Secure-IPSec-Client-674.html:text/html}
}

@misc{_bintec_2016-1,
	title = {bintec Secure {IPSec} Client},
	url = {http://pim.bintec-elmeg.com/common/ajax.php?modul_id=101&klasse=produkte_pdf&bereich=admin&com=detail&kanal=xml&system_id=871&sprache=en},
	date = {2016-04-14}
}

@online{_contributions_2014,
	title = {Contributions - {strongSwan}},
	url = {https://wiki.strongswan.org/projects/strongswan/wiki/Contributions},
	shorttitle = {Wiki - Contributions},
	urldate = {2016-08-14},
	date = {2014-07-15},
	file = {Contributions - strongSwan:/home/thermi/.zotero/zotero/2jo0gjd3.default/zotero/storage/6Q25GMQ5/Contributions.html:text/html}
}

@online{_createevent_????,
	title = {{CreateEvent} function (Windows)},
	url = {https://msdn.microsoft.com/en-us/library/windows/desktop/ms682396(v=vs.85).aspx},
	shorttitle = {{CreateEvent} - Dokumentation},
	urldate = {2016-08-10},
	file = {CreateEvent function (Windows):/home/thermi/.zotero/zotero/2jo0gjd3.default/zotero/storage/G8726558/ms682396(v=vs.85).html:text/html}
}

@online{_createiocompletionport_2016,
	title = {{CreateIoCompletionPort} function (Windows)},
	url = {https://msdn.microsoft.com/en-us/library/windows/desktop/aa363862(v=vs.85).aspx},
	shorttitle = {{CreateIoCompletionPort} - Dokumentation},
	urldate = {2016-08-09},
	date = {2016},
	file = {CreateIoCompletionPort function (Windows):/home/thermi/.zotero/zotero/2jo0gjd3.default/zotero/storage/8GB9F529/aa363862(v=vs.85).html:text/html}
}

@online{_creating_????,
	title = {Creating and Using {IPsec} Policies},
	url = {https://technet.microsoft.com/en-us/library/cc730656(v=ws.11).aspx},
	shorttitle = {{IPsec} policies - Dokumentation},
	urldate = {2016-08-25},
	file = {Creating and Using IPsec Policies:/home/thermi/.zotero/zotero/2jo0gjd3.default/zotero/storage/TA47JU7Z/cc730656(v=ws.11).html:text/html}
}

@misc{jurgen_honig_datenblatt_2016,
	title = {Datenblatt {NCP} Secure Entry Client Windows},
	url = {https://www.ncp-e.com/fileadmin/pdf/library/datasheets/NCP_DB_Entry_Client_Win32_64.pdf},
	shorttitle = {{NCP}-E - Datenblatt},
	publisher = {{NCP} engineering {GmbH}},
	author = {{JÃ¼rgen Honig}},
	urldate = {2016-08-14},
	date = {2016-01-26}
}

@online{muratka1_we_????,
	title = {Do we support "Policy based routing" on Windows Server operating systems?},
	url = {https://blogs.technet.microsoft.com/nettracer/2010/06/16/do-we-support-policy-based-routing-on-windows-server-operating-systems/},
	author = {{MuratKa1}}
}

@online{_getlasterror_????,
	title = {{GetLastError} function (Windows)},
	url = {https://msdn.microsoft.com/en-us/library/windows/desktop/ms679360(v=vs.85).aspx},
	urldate = {2016-08-10},
	file = {GetLastError function (Windows):/home/thermi/.zotero/zotero/2jo0gjd3.default/zotero/storage/7T9HII6J/ms679360(v=vs.85).html:text/html}
}

@online{_getlasterror_????-1,
	title = {{GetLastError} function (Windows)},
	url = {https://msdn.microsoft.com/en-us/library/windows/desktop/ms679360(v=vs.85).aspx},
	urldate = {2016-08-10},
	file = {GetLastError function (Windows):/home/thermi/.zotero/zotero/2jo0gjd3.default/zotero/storage/4AFP3CHU/ms679360(v=vs.85).html:text/html}
}

@online{_getqueuedcompletionstatus_????,
	title = {{GetQueuedCompletionStatus} function (Windows)},
	url = {https://msdn.microsoft.com/en-us/library/windows/desktop/aa364986(v=vs.85).aspx},
	urldate = {2016-08-10},
	file = {GetQueuedCompletionStatus function (Windows):/home/thermi/.zotero/zotero/2jo0gjd3.default/zotero/storage/A2248KJC/aa364986(v=vs.85).html:text/html}
}

@online{martin_willi_git.strongswan.org_2014,
	title = {git.strongswan.org Git - {WIP}: Windows virtual {IP} notes win-vip},
	url = {https://git.strongswan.org/?p=strongswan.git;a=commit;h=d50fd962a9bfea277de9131375e793deb80874a5},
	author = {{Martin WIlli}},
	urldate = {2016-08-25},
	date = {2014-09-16},
	file = {git.strongswan.org Git - strongswan.git/commit:/home/thermi/.zotero/zotero/2jo0gjd3.default/zotero/storage/95QB3828/git.strongswan.org.html:text/html}
}

@online{_ikev1ciphersuites_2016,
	title = {{IKEv}1CipherSuites - {strongSwan}},
	url = {https://wiki.strongswan.org/projects/strongswan/wiki/IKEv1CipherSuites},
	urldate = {2016-08-13},
	date = {2016},
	file = {IKEv1CipherSuites - strongSwan:/home/thermi/.zotero/zotero/2jo0gjd3.default/zotero/storage/FU29Q3BF/IKEv1CipherSuites.html:text/html}
}

@online{_ikev2ciphersuites_2016,
	title = {{IKEv}2CipherSuites - {strongSwan}},
	url = {https://wiki.strongswan.org/projects/strongswan/wiki/IKEv2CipherSuites},
	urldate = {2016-08-13},
	date = {2016},
	file = {IKEv2CipherSuites - strongSwan:/home/thermi/.zotero/zotero/2jo0gjd3.default/zotero/storage/49M8CRMQ/IKEv2CipherSuites.html:text/html}
}

@online{tero_kivinen_internet_2016,
	title = {Internet Key Exchange Version 2 ({IKEv}2) Parameters},
	url = {https://www.iana.org/assignments/ikev2-parameters/ikev2-parameters.xhtml},
	author = {{Tero Kivinen} and {Frederic Firmin} and {John Meredith} and {Kimmo Kymalainen} and {Matt Ball}},
	urldate = {2016-07-27},
	date = {2016-05-03},
	file = {Internet Key Exchange Version 2 (IKEv2) Parameters:/home/thermi/.zotero/zotero/2jo0gjd3.default/zotero/storage/WP7KU2SQ/ikev2-parameters.html:text/html}
}

@online{_ipsec_2016,
	title = {{IPsec} Key Exchange},
	url = {https://technet.microsoft.com/en-us/library/cc731752(v=ws.11).aspx},
	urldate = {2016-08-25},
	date = {2016},
	file = {IPsec Key Exchange:/home/thermi/.zotero/zotero/2jo0gjd3.default/zotero/storage/8ZESVBXI/cc731752(v=ws.11).html:text/html}
}

@online{_ipsecstandards_2016,
	title = {{IpsecStandards} - {strongSwan}},
	url = {https://wiki.strongswan.org/projects/strongswan/wiki/IpsecStandards},
	urldate = {2016-07-27},
	date = {2016-03-30},
	file = {IpsecStandards - strongSwan:/home/thermi/.zotero/zotero/2jo0gjd3.default/zotero/storage/6S82B8MX/IpsecStandards.html:text/html}
}

@online{_kernel-libipsec_2016,
	title = {Kernel-libipsec - {strongSwan}},
	url = {https://wiki.strongswan.org/projects/strongswan/wiki/Kernel-libipsec},
	urldate = {2016-07-27},
	date = {2016-02-17},
	file = {Kernel-libipsec - strongSwan:/home/thermi/.zotero/zotero/2jo0gjd3.default/zotero/storage/CG2RV3WC/Kernel-libipsec.html:text/html}
}

@online{tobias_brunner_kernel-wfp_2014,
	title = {Kernel-wfp - {strongSwan}},
	url = {https://wiki.strongswan.org/projects/strongswan/wiki/Kernel-wfp},
	author = {{Tobias Brunner} and {Martin WIlli}},
	urldate = {2016-08-25},
	date = {2014-10-07},
	file = {Kernel-wfp - strongSwan:/home/thermi/.zotero/zotero/2jo0gjd3.default/zotero/storage/9U8633W4/Kernel-wfp.html:text/html}
}

@online{_linux_????,
	title = {Linux {FreeS}/{WAN} Roadmap},
	url = {http://www.freeswan.org/freeswan_trees/freeswan-1.5/doc/roadmap.html},
	urldate = {2016-08-06},
	file = {Linux FreeS/WAN Roadmap:/home/thermi/.zotero/zotero/2jo0gjd3.default/zotero/storage/HPH7EFCQ/roadmap.html:text/html}
}

@online{_openevent_????,
	title = {{OpenEvent} function (Windows)},
	url = {https://msdn.microsoft.com/en-us/library/windows/desktop/ms684305(v=vs.85).aspx},
	urldate = {2016-08-10},
	file = {OpenEvent function (Windows):/home/thermi/.zotero/zotero/2jo0gjd3.default/zotero/storage/F5XINMBD/ms684305(v=vs.85).html:text/html}
}

@online{_pluginlist_2016,
	title = {{PluginList} - {strongSwan}},
	url = {https://wiki.strongswan.org/projects/strongswan/wiki/PluginList},
	shorttitle = {Wiki - {PluginList}},
	urldate = {2016-08-29},
	date = {2016},
	file = {PluginList - strongSwan:/home/thermi/.zotero/zotero/2jo0gjd3.default/zotero/storage/8CS32W86/PluginList.html:text/html}
}

@online{_readfile_2016,
	title = {{ReadFile} function (Windows)},
	url = {https://msdn.microsoft.com/en-us/library/windows/desktop/aa365467(v=vs.85).aspx},
	urldate = {2016-07-27},
	date = {2016},
	file = {ReadFile function (Windows):/home/thermi/.zotero/zotero/2jo0gjd3.default/zotero/storage/PAUSMQ9J/aa365467(v=vs.85).html:text/html}
}

@online{j._postel_rfc_????,
	title = {{RFC} 768 - User Datagram Protocol},
	url = {https://tools.ietf.org/html/rfc768},
	shorttitle = {{RFC}768},
	author = {{J. Postel}},
	urldate = {2016-08-24},
	file = {RFC 768 - User Datagram Protocol:/home/thermi/.zotero/zotero/2jo0gjd3.default/zotero/storage/2EN95RZQ/rfc768.html:text/html}
}

@online{university_of_southern_california_rfc_1981,
	title = {{RFC} 791 - Internet Protocol},
	url = {https://tools.ietf.org/html/rfc791},
	shorttitle = {{RFC}791},
	author = {{University of Southern California}},
	urldate = {2016-07-23},
	date = {1981-09},
	file = {RFC 791 - Internet Protocol:/home/thermi/.zotero/zotero/2jo0gjd3.default/zotero/storage/D523FT94/rfc791.html:text/html}
}

@online{david_c._plummer_rfc_1982,
	title = {{RFC} 826 - Ethernet Address Resolution Protocol: Or Converting Network Protocol Addresses to 48.bit Ethernet Address for Transmission on Ethernet Hardware},
	url = {https://tools.ietf.org/html/rfc826},
	shorttitle = {{RFC} 826},
	author = {{David C. Plummer}},
	urldate = {2016-07-23},
	date = {1982-11},
	file = {RFC 826 - Ethernet Address Resolution Protocol\: Or Converting Network Protocol Addresses to 48.bit Ethernet Address for Transmission on Ethernet Hardware:/home/thermi/.zotero/zotero/2jo0gjd3.default/zotero/storage/RREMX86S/rfc826.html:text/html}
}

@online{robert_m._hinden_rfc_1993,
	title = {{RFC} 1517 - Applicability Statement for the Implementation of Classless Inter-Domain Routing ({CIDR})},
	url = {https://tools.ietf.org/html/rfc1517},
	shorttitle = {{RFC} 1517},
	author = {{Robert M. Hinden}},
	urldate = {2016-07-23},
	date = {1993-09},
	file = {Snapshot:/home/thermi/.zotero/zotero/2jo0gjd3.default/zotero/storage/XIJ7JI8I/rfc1517.html:text/html}
}

@online{daniel_l._mcdonald_rfc_1998,
	title = {{RFC} 2367 - {PF}\_KEY Key Management {API}, Version 2},
	url = {https://tools.ietf.org/html/rfc2367},
	shorttitle = {{RFC} 2367},
	author = {{Daniel L. McDonald} and {Bao G. Phan}},
	urldate = {2016-07-25},
	date = {1998-07},
	file = {Snapshot:/home/thermi/.zotero/zotero/2jo0gjd3.default/zotero/storage/MVSCIUE9/rfc2367.html:text/html}
}

@online{roy_pereira_rfc_1998,
	title = {{RFC} 2394 - {IP} Payload Compression Using {DEFLATE}},
	url = {https://tools.ietf.org/html/rfc2394},
	shorttitle = {{RFC} 2394},
	author = {{Roy Pereira}},
	urldate = {2016-08-01},
	date = {1998-12},
	file = {RFC 2394 - IP Payload Compression Using DEFLATE:/home/thermi/.zotero/zotero/2jo0gjd3.default/zotero/storage/AVXMA8BP/rfc2394.html:text/html}
}

@online{derrell_piper_rfc_1998,
	title = {{RFC} 2407 - The Internet {IP} Security Domain of Interpretation for {ISAKMP}},
	url = {https://tools.ietf.org/html/rfc2407},
	shorttitle = {{RFC} 2407},
	author = {{Derrell Piper}},
	urldate = {2016-07-27},
	date = {1998-11},
	file = {Snapshot:/home/thermi/.zotero/zotero/2jo0gjd3.default/zotero/storage/9FFCXAKK/rfc2407.html:text/html}
}

@online{douglas_maughan_rfc_1998,
	title = {{RFC} 2408 - Internet Security Association and Key Management Protocol ({ISAKMP})},
	url = {https://tools.ietf.org/html/rfc2408},
	shorttitle = {{RFC} 2408},
	author = {{Douglas Maughan} and {Mark Schneider} and {Mark Schertler} and {Jeff Turner}},
	urldate = {2016-07-27},
	date = {1998-11},
	file = {Snapshot:/home/thermi/.zotero/zotero/2jo0gjd3.default/zotero/storage/TSVAIVU3/rfc2408.html:text/html}
}

@online{dan_harkins_rfc_1998,
	title = {{RFC} 2409 - The Internet Key Exchange ({IKE})},
	url = {https://tools.ietf.org/html/rfc2409},
	shorttitle = {{RFC} 2409},
	author = {{Dan Harkins} and {Dave Carrel}},
	urldate = {2016-07-27},
	date = {1998-11},
	file = {RFC 2409 - The Internet Key Exchange (IKE):/home/thermi/.zotero/zotero/2jo0gjd3.default/zotero/storage/RUB7A9JP/rfc2409.html:text/html}
}

@online{hilarie_k._orman_rfc_1998,
	title = {{RFC} 2412 - The {OAKLEY} Key Determination Protocol},
	url = {https://tools.ietf.org/html/rfc2412},
	shorttitle = {{RFC} 2412},
	author = {{Hilarie K. Orman}},
	urldate = {2016-07-30},
	date = {1998-11},
	file = {RFC 2412 - The OAKLEY Key Determination Protocol:/home/thermi/.zotero/zotero/2jo0gjd3.default/zotero/storage/QPD6UHR7/rfc2412.html:text/html}
}

@online{kathleen_nichols_rfc_1998,
	title = {{RFC} 2474 - Definition of the Differentiated Services Field ({DS} Field) in the {IPv}4 and {IPv}6 Headers},
	url = {https://tools.ietf.org/html/rfc2474},
	shorttitle = {{RFC} 2474},
	author = {{Kathleen Nichols} and {Steven Blake} and {Fred Baker} and {David L. Black}},
	urldate = {2016-07-23},
	date = {1998-12},
	file = {RFC 2474 - Definition of the Differentiated Services Field (DS Field) in the IPv4 and IPv6 Headers:/home/thermi/.zotero/zotero/2jo0gjd3.default/zotero/storage/75B4JR9D/rfc2474.html:text/html}
}

@online{k._k._ramakrishnan_rfc_2001,
	title = {{RFC} 3168 - The Addition of Explicit Congestion Notification ({ECN}) to {IP}},
	url = {https://tools.ietf.org/html/rfc3168},
	shorttitle = {{RFC} 3168},
	author = {{K. K. Ramakrishnan} and {Sally Floyd} and {David L. Black}},
	urldate = {2016-07-23},
	date = {2001-09},
	file = {RFC 3168 - The Addition of Explicit Congestion Notification (ECN) to IP:/home/thermi/.zotero/zotero/2jo0gjd3.default/zotero/storage/Q6EN3ERP/rfc3168.html:text/html}
}

@online{abraham_shacham_rfc_2001,
	title = {{RFC} 3173 - {IP} Payload Compression Protocol ({IPComp})},
	url = {https://tools.ietf.org/html/rfc3173},
	shorttitle = {{RFC} 3173},
	author = {{Abraham Shacham} and {Bob Monsour} and {Roy Pereira} and {Matt Thomas}},
	urldate = {2016-08-01},
	date = {2001-09},
	file = {RFC 2393 - IP Payload Compression Protocol (IPComp):/home/thermi/.zotero/zotero/2jo0gjd3.default/zotero/storage/M6W6QDVF/rfc2393.html:text/html}
}

@online{dan_grossman_rfc_2002,
	title = {{RFC} 3260 - New Terminology and Clarifications for Diffserv},
	url = {https://tools.ietf.org/html/rfc3260},
	shorttitle = {{RFC} 3260},
	author = {{Dan Grossman}},
	urldate = {2016-07-23},
	date = {2002-04},
	file = {RFC 3260 - December, 2001:/home/thermi/.zotero/zotero/2jo0gjd3.default/zotero/storage/ZDZNTQ7C/rfc3260.html:text/html}
}

@online{basavaraj_patil_rfc_2002,
	title = {{RFC} 3344 - {IP} Mobility Support for {IPv}4},
	url = {https://tools.ietf.org/html/rfc3344},
	shorttitle = {{RFC} 3344},
	author = {{Basavaraj Patil} and {Phil Roberts} and {Charles E. Perkins}},
	urldate = {2016-07-23},
	date = {2002-08},
	file = {RFC 3344 - IP Mobility Support for IPv4:/home/thermi/.zotero/zotero/2jo0gjd3.default/zotero/storage/5SB87KKE/rfc3344.html:text/html}
}

@online{victor_volpe_rfc_2005,
	title = {{RFC} 3947 - Negotiation of {NAT}-Traversal in the {IKE}},
	url = {https://tools.ietf.org/html/rfc3947},
	shorttitle = {{RFC} 3947},
	author = {{Victor Volpe}},
	urldate = {2016-07-27},
	date = {2005-01},
	file = {Snapshot:/home/thermi/.zotero/zotero/2jo0gjd3.default/zotero/storage/975BIGTU/rfc3947.html:text/html}
}

@online{markus_stenberg_rfc_2005,
	title = {{RFC} 3948 - {UDP} Encapsulation of {IPsec} {ESP} Packets},
	url = {https://tools.ietf.org/html/rfc3948},
	shorttitle = {{RFC} 3948},
	author = {{Markus Stenberg} and {Brian Swander} and {Victor Volpe} and {Ari Huttunen} and {Larry DiBurro}},
	urldate = {2016-07-27},
	date = {2005-01},
	file = {Snapshot:/home/thermi/.zotero/zotero/2jo0gjd3.default/zotero/storage/KF9JA2C9/rfc3948.html:text/html}
}

@online{paul_hoffman_rfc_2005,
	title = {{RFC} 4109 - Algorithms for Internet Key Exchange version 1 ({IKEv}1)},
	url = {https://tools.ietf.org/html/rfc4109},
	shorttitle = {{RFC} 4109},
	author = {{Paul Hoffman}},
	urldate = {2016-07-27},
	date = {2005-05},
	file = {Snapshot:/home/thermi/.zotero/zotero/2jo0gjd3.default/zotero/storage/8IHZS3UR/rfc4109.html:text/html}
}

@online{stephen_kent_rfc_2005,
	title = {{RFC} 4301 - Security Architecture for the Internet Protocol},
	url = {https://tools.ietf.org/html/rfc4301},
	shorttitle = {{RFC} 4301},
	author = {{Stephen Kent} and {Karen Seo}},
	urldate = {2016-07-27},
	date = {2005-12},
	file = {RFC 4301 - Security Architecture for the Internet Protocol:/home/thermi/.zotero/zotero/2jo0gjd3.default/zotero/storage/2KD9M3ZC/rfc4301.html:text/html}
}

@online{stephen_kent_rfc_2005-1,
	title = {{RFC} 4302 - {IP} Authentication Header},
	url = {https://tools.ietf.org/html/rfc4302},
	shorttitle = {{RFC} 4302},
	author = {{Stephen Kent}},
	urldate = {2016-07-27},
	date = {2005-12},
	file = {RFC 4302 - IP Authentication Header:/home/thermi/.zotero/zotero/2jo0gjd3.default/zotero/storage/HC55GK95/rfc4302.html:text/html}
}

@online{stephen_kent_rfc_2005-2,
	title = {{RFC} 4303 - {IP} Encapsulating Security Payload ({ESP})},
	url = {https://tools.ietf.org/html/rfc4303},
	shorttitle = {{RFC} 4303},
	author = {{Stephen Kent}},
	urldate = {2016-07-27},
	date = {2005-12},
	file = {RFC 4303 - IP Encapsulating Security Payload (ESP):/home/thermi/.zotero/zotero/2jo0gjd3.default/zotero/storage/NKGWTXF2/rfc4303.html:text/html}
}

@online{charlie_kaufman_rfc_2005,
	title = {{RFC} 4306 - Internet Key Exchange ({IKEv}2) Protocol},
	url = {https://tools.ietf.org/html/rfc4306},
	shorttitle = {{RFC} 4306},
	author = {{Charlie Kaufman}},
	urldate = {2016-07-27},
	date = {2005-12},
	file = {RFC 4306 - Internet Key Exchange (IKEv2) Protocol:/home/thermi/.zotero/zotero/2jo0gjd3.default/zotero/storage/JDM6VKMF/rfc4306.html:text/html}
}

@online{jeffrey_i._schiller_rfc_2005,
	title = {{RFC} 4307 - Cryptographic Algorithms for Use in the Internet Key Exchange Version 2 ({IKEv}2)},
	url = {https://tools.ietf.org/html/rfc4307},
	shorttitle = {{RFC} 4307},
	author = {{Jeffrey I. Schiller}},
	urldate = {2016-07-27},
	date = {2005-12},
	file = {RFC 4307 - Cryptographic Algorithms for Use in the Internet Key Exchange Version 2 (IKEv2):/home/thermi/.zotero/zotero/2jo0gjd3.default/zotero/storage/BGIQAFU6/rfc4307.html:text/html}
}

@online{paul_hoffman_rfc_2005-1,
	title = {{RFC} 4308 - Cryptographic Suites for {IPsec}},
	url = {https://tools.ietf.org/html/rfc4308},
	shorttitle = {{RFC} 4308},
	author = {{Paul Hoffman}},
	urldate = {2016-07-27},
	date = {2005-12},
	file = {RFC 4308 - Cryptographic Suites for IPsec:/home/thermi/.zotero/zotero/2jo0gjd3.default/zotero/storage/47JK5A2B/rfc4308.html:text/html}
}

@online{petri_jokela_rfc_2008,
	title = {{RFC} 5202 - Using the Encapsulating Security Payload ({ESP}) Transport Format with the Host Identity Protocol ({HIP})},
	url = {https://tools.ietf.org/html/rfc5202},
	shorttitle = {{RFC} 5202},
	author = {{Petri Jokela} and {Robert Moskowitz} and {Pekka Nikander}},
	urldate = {2016-07-27},
	date = {2008-04},
	file = {Snapshot:/home/thermi/.zotero/zotero/2jo0gjd3.default/zotero/storage/IS7568J8/rfc5202.html:text/html}
}

@online{jari_arkko_rfc_2010,
	title = {{RFC} 5737 - {IPv}4 Address Blocks Reserved for Documentation},
	url = {https://tools.ietf.org/html/rfc5737},
	shorttitle = {{RFC} 5737},
	author = {{Jari Arkko} and {Leo Vegoda} and {Michelle Cotton}},
	urldate = {2016-07-23},
	date = {2010-01},
	file = {Snapshot:/home/thermi/.zotero/zotero/2jo0gjd3.default/zotero/storage/8D3VWB3C/rfc5737.html:text/html}
}

@online{leo_vegoda_rfc_2010,
	title = {{RFC} 5771 - {IANA} Guidelines for {IPv}4 Multicast Address Assignments},
	url = {https://tools.ietf.org/html/rfc5771},
	shorttitle = {{RFC} 5771},
	author = {{Leo Vegoda} and {David Meyer} and {Michelle Cotton}},
	urldate = {2016-07-23},
	date = {2010-03},
	file = {Snapshot:/home/thermi/.zotero/zotero/2jo0gjd3.default/zotero/storage/F4X42DV8/rfc5771.html:text/html}
}

@online{bob_briscoe_rfc_2010,
	title = {{RFC} 6040 - Layered Encapsulation of Congestion Notification},
	url = {https://tools.ietf.org/html/rfc6040},
	shorttitle = {{RFC} 6040},
	author = {{Bob Briscoe}},
	urldate = {2016-07-27},
	date = {2010-11},
	file = {RFC 6040 - Layered Encapsulation of Congestion Notification:/home/thermi/.zotero/zotero/2jo0gjd3.default/zotero/storage/BH53RGMG/rfc6040.html:text/html}
}

@online{suresh_krishnan_rfc_2011,
	title = {{RFC} 6071 - {IP} Security ({IPsec}) and Internet Key Exchange ({IKE}) Document Roadmap},
	url = {https://tools.ietf.org/html/rfc6071},
	shorttitle = {{RFC} 6071},
	author = {{Suresh Krishnan} and {Sheila Frankel}},
	urldate = {2016-07-27},
	date = {2011-02},
	file = {Snapshot:/home/thermi/.zotero/zotero/2jo0gjd3.default/zotero/storage/GW87CMZR/rfc6071.html:text/html}
}

@online{victor_kuarsingh_rfc_2012,
	title = {{RFC} 6598 - {IANA}-Reserved {IPv}4 Prefix for Shared Address Space},
	url = {https://tools.ietf.org/html/rfc6598},
	shorttitle = {{RFC} 6598},
	author = {{Victor Kuarsingh} and {Jason Weil} and {Chris Donley} and {Christopher Liljenstolpe} and {Marla Azinger}},
	urldate = {2016-07-23},
	date = {2012-04},
	file = {Snapshot:/home/thermi/.zotero/zotero/2jo0gjd3.default/zotero/storage/NAVU7RHF/rfc6598.html:text/html}
}

@online{joe_touch_rfc_2013,
	title = {{RFC} 6864 - Updated Specification of the {IPv}4 {ID} Field},
	url = {https://tools.ietf.org/html/rfc6864},
	shorttitle = {{RFC} 6864},
	author = {{Joe Touch}},
	urldate = {2016-07-23},
	date = {2013-02},
	file = {RFC 6864 - Updated Specification of the IPv4 ID Field:/home/thermi/.zotero/zotero/2jo0gjd3.default/zotero/storage/WVFUZZ4I/rfc6864.html:text/html}
}

@online{charlie_kaufman_rfc_2014,
	title = {{RFC} 7296 - Internet Key Exchange Protocol Version 2 ({IKEv}2)},
	url = {https://tools.ietf.org/html/rfc7296},
	shorttitle = {{RFC} 7296},
	author = {{Charlie Kaufman} and {Paul Hoffman} and {Yoav Nir} and {Pasi Eronen} and {Tero Kivinen}},
	urldate = {2016-07-27},
	date = {2014-10},
	file = {RFC 7296 - Internet Key Exchange Protocol Version 2 (IKEv2):/home/thermi/.zotero/zotero/2jo0gjd3.default/zotero/storage/SBXIDIK3/rfc7296.html:text/html}
}

@online{david_mcgrew_rfc_2014,
	title = {{RFC} 7321 - Cryptographic Algorithm Implementation Requirements and Usage Guidance for Encapsulating Security Payload ({ESP}) and Authentication Header ({AH})},
	url = {https://tools.ietf.org/html/rfc7321},
	shorttitle = {{RFC} 7321},
	author = {{David McGrew} and {Paul Hoffman}},
	urldate = {2016-07-27},
	date = {2014-08},
	file = {RFC 7321 - Cryptographic Algorithm Implementation Requirements and Usage Guidance for Encapsulating Security Payload (ESP) and Authentication Header (AH):/home/thermi/.zotero/zotero/2jo0gjd3.default/zotero/storage/KTNBIEHG/rfc7321.html:text/html}
}

@online{petri_jokela_rfc_2015,
	title = {{RFC} 7402 - Using the Encapsulating Security Payload ({ESP}) Transport Format with the Host Identity Protocol ({HIP})},
	url = {https://tools.ietf.org/html/rfc7402},
	shorttitle = {{RFC} 7402},
	author = {{Petri Jokela} and {Robert Moskowitz} and {Jan Melen}},
	urldate = {2016-07-27},
	date = {2015-04},
	file = {RFC 7402 - Using the Encapsulating Security Payload (ESP) Transport Format with the Host Identity Protocol (HIP):/home/thermi/.zotero/zotero/2jo0gjd3.default/zotero/storage/EKE7CSHS/rfc7402.html:text/html}
}

@online{joel_snyder_rfc_2015,
	title = {{RFC} 7427 - Signature Authentication in the Internet Key Exchange Version 2 ({IKEv}2)},
	url = {https://tools.ietf.org/html/rfc7427},
	shorttitle = {{RFC} 7427},
	author = {{Joel Snyder} and {Tero Kivinen}},
	urldate = {2016-07-27},
	date = {2015-01},
	file = {Snapshot:/home/thermi/.zotero/zotero/2jo0gjd3.default/zotero/storage/9MF3WTD7/rfc7427.html:text/html}
}

@online{tero_kivinen_rfc_2016,
	title = {{RFC} 7670 - Generic Raw Public-Key Support for {IKEv}2},
	url = {https://tools.ietf.org/html/rfc7670},
	shorttitle = {{RFC} 7670},
	author = {{Tero Kivinen} and {Paul Wouters} and {Hannes Tschofenig}},
	urldate = {2016-07-27},
	date = {2016-01},
	file = {RFC 7670 - Generic Raw Public-Key Support for IKEv2:/home/thermi/.zotero/zotero/2jo0gjd3.default/zotero/storage/IJZW8A38/rfc7670.html:text/html}
}

@online{tero_kivinen_rfc_2016-1,
	title = {{RFC} 7815 - Minimal Internet Key Exchange Version 2 ({IKEv}2) Initiator Implementation},
	url = {https://tools.ietf.org/html/rfc7815},
	shorttitle = {{RFC} 7815},
	author = {{Tero Kivinen}},
	urldate = {2016-07-27},
	date = {2016-03},
	file = {RFC 7815 - Minimal Internet Key Exchange Version 2 (IKEv2) Initiator Implementation:/home/thermi/.zotero/zotero/2jo0gjd3.default/zotero/storage/4WU9HUQ3/rfc7815.html:text/html}
}

@online{_setevent_????,
	title = {{SetEvent} function (Windows)},
	url = {https://msdn.microsoft.com/en-us/library/windows/desktop/ms686211(v=vs.85).aspx},
	shorttitle = {{SetEvent} Dokumentation},
	urldate = {2016-08-10},
	file = {SetEvent function (Windows):/home/thermi/.zotero/zotero/2jo0gjd3.default/zotero/storage/SWDGP8V9/ms686211(v=vs.85).html:text/html}
}

@online{_shrew_2013,
	title = {Shrew Soft {VPN} Client Administrators Guide},
	url = {https://www.shrew.net/static/help-2.1.x/vpnhelp.htm},
	urldate = {2016-08-13},
	date = {2013},
	file = {Shrew Soft VPN Client Administrators Guide:/home/thermi/.zotero/zotero/2jo0gjd3.default/zotero/storage/EZJVJI68/vpnhelp.html:text/html}
}

@online{_shrew_2007,
	title = {Shrew Soft {VPN} Client Administrators Guide Windows License},
	url = {https://www.shrew.net/static/help-2.1.x/vpnhelp.htm?WindowsLicense.html},
	urldate = {2016-08-14},
	date = {2007},
	file = {Shrew Soft VPN Client Administrators Guide:/home/thermi/.zotero/zotero/2jo0gjd3.default/zotero/storage/J6XQKWVS/vpnhelp.html:text/html}
}

@thesis{jan_hutter_strongswan_2005,
	location = {Rapperswil},
	title = {{strongSwan} {II} Eine {IKEv}2-Implementierung fÃ¼r Linux},
	url = {http://security.hsr.ch/theses/DA_2005_IKEv2.pdf},
	shorttitle = {{strongSwan} {II} Eine {IKEv}2-Implementierung fÃ¼r Linux},
	abstract = {Das Internet Key Exchange Protokoll ({IKE}) wird fÃ¼r den Aufbau von {IPsec}-Verbindungen eingesetzt.
Es tauscht die dafÃ¼r notwendigen SchlÃ¼ssel aus und vereinbart die zu verwendenden
Algorithmen. Die Version 2 des Protokolls ist definiert und wird {IKEv}1 in naher Zukunft ablÃ¶sen.
Der Meldungsaustausch wurde vereinfacht und das Protokoll flexibler aufgebaut.
Die auf Linux basierende {OpenSource}-Software {strongSwan} ist weit verbreitet und verwendet
{IKE} in der Version 1. Die UnterstÃ¼tzung von {IKEv}2 ist erforderlich, damit {strongSwan} auch in
Zukunft eine starke Alternative zu kommerziellen Produkten bleibt.
Mit dieser Diplomarbeit soll {strongSwan} um das {IKEv}2-Protokoll erweitert werden. Eine Integration
in den bestehenden Code wÃ¤re allerdings ungÃ¼nstig. Die Ãbersichtlichkeit wÃ¼rde zu stark
darunter leiden, auch erscheint dessen Aufbau nicht mehr ganz zeitgemÃ¤ss. Es soll daher eine
neue Architektur fÃ¼r {strongSwan} erstellt und darin die {IKEv}2-UnterstÃ¼tzung implementiert
werden.},
	pagetotal = {186},
	institution = {Hochschule fÃ¼r Technik Rapperswil},
	type = {Diplomarbeit},
	author = {{Jan Hutter} and {Martin Willi}},
	urldate = {2016-07-28},
	date = {2005-12-16}
}

@misc{andreas_steffen_strongswan_2011,
	title = {The {strongSwan} {IPsec} Solution},
	url = {https://www.strongswan.org/tcg/tcg_munich_2011.pdf},
	shorttitle = {{TCG} Munich},
	author = {{Andreas Steffen}},
	date = {2011-06-15}
}

@thesis{giuliano_grassi_userland_2012,
	location = {Rapperswil},
	title = {Userland {IPsec} fur Android 4.0},
	url = {http://security.hsr.ch/theses/BA_2012_Userland_IPsec_for_Android_4_Report.pdf},
	shorttitle = {Userland {IPsec} fur Android 4.0},
	abstract = {{IPsec} ist normalerweise direkt im Kernel implementiert, wÃ¤hrend ein Daemon im
Userspace fur den SchlÃ¼sselaustauschÃ¼ber das Internet Key Exchange Protokoll ({IKE})
zustÃ¤ndig ist. Eine Konsequenz dieser Architektur ist, dass zumindest ein Teil des {IKEDaemons}
mit Root-Privilegien ausgefuhrt werden muss, um mit dem {IPsec} Stack kom-
munizieren zu kÃ¶nnen. Dies erschwert den Einsatz von {IPsec} auf dem Linux-basierten
Betriebssystem Android, da Benutzeranwendungen auf vielen Android-GerÃ¤ten per Default
nur eingeschrÃ¤nkte Privilegien haben.
Um dieses Problem zu lÃ¶sen, wurde im Rahmen dieser Arbeit eine minimale Userspace
{IPsec}-Implementation fur Linux und Android als Teil des {strongSwan} Projektes entwickelt. Diese unterstutzt den {IP} Encapsulating Security Payload ({ESP}) im Tunnel- 
Modus zusammen mit den gÃ¤ngigsten kryptographischen Algorithmen. Die fur {NAT}-
Umgebungen unabdingbare {ESP}-in-{UDP} Encapsulation wird ebenfalls unterstutzt. Im
Gegensatz zum Linux {IPsec} Stack verwendet die Userland-Library virtuelle {NetzwerkInterfaces}
({TUN}-Devices) sowie das normale Kernel-Routing zur Steuerung des durch
einen Tunnel geschutzten Traffics. Des Weiteren wurde ein {strongSwan} {VPN} Client fÃ¼r
Android entwickelt. Dieser verwendet {IKEv}2 und erlaubt das Verwalten von mehreren
{VPN}-Profilen. Durch den Einsatz der eigenen {IPsec}-Implementation sowie einer neuen
{API} in Android 4.0, welche gewisse {VPN}-bezogene Funktionen zugÃ¤nglich macht,
benÃ¶tigt dieser {IPsec}-Client keine erhÃ¶hten Privilegien mehr.
Durch die Entwicklung einer Userspace {IPsec}-Implementation ist es gelungen, die HÃ¼rden
zum Einsatz von {IPsec}-basierten {VPNs} auf Android zu uberwinden. Die entstandene
Applikation kann ohne Root-Privilegien benutzt werden und funktioniert daher auf allen
Android 4-GerÃ¤ten.},
	pagetotal = {88},
	institution = {Hochschule fur Technik Rapperswil},
	type = {Bachelorarbeit},
	author = {{Giuliano Grassi} and {Ralf Sager}},
	urldate = {2016-07-28},
	date = {2012}
}

@online{_vici_2016,
	title = {Vici - {strongSwan}},
	url = {https://wiki.strongswan.org/projects/strongswan/wiki/Vici},
	shorttitle = {Wiki - Vici},
	urldate = {2016-08-29},
	date = {2016},
	file = {Vici - strongSwan:/home/thermi/.zotero/zotero/2jo0gjd3.default/zotero/storage/EVUFUV9B/Vici.html:text/html}
}

@online{_vpn_2016,
	title = {{VPN} Clients fÃ¼r Windows 10, 8, 7, Vista, {OS} X- {NCP}},
	url = {https://www.ncp-e.com/de/produkte/ipsec-vpn-client-suite/vpn-clients-fuer-windows-10-8-7-vista-os-x.html},
	shorttitle = {{NCP}-E {IPsec} Clients},
	urldate = {2016-08-13},
	date = {2016},
	file = {VPN Clients fÃ¼r Windows 10, 8, 7, Vista, OS X- NCP:/home/thermi/.zotero/zotero/2jo0gjd3.default/zotero/storage/6NKF734M/vpn-clients-fuer-windows-10-8-7-vista-os-x.html:text/html}
}

@online{_waitformultipleobjects_2016,
	title = {{WaitForMultipleObjects} function (Windows)},
	url = {https://msdn.microsoft.com/en-us/library/windows/desktop/ms687025(v=vs.85).aspx},
	shorttitle = {{WaitForMultipleObjects} Dokumentation},
	urldate = {2016-08-10},
	date = {2016},
	file = {WaitForMultipleObjects function (Windows):/home/thermi/.zotero/zotero/2jo0gjd3.default/zotero/storage/NVKMESPW/ms687025(v=vs.85).html:text/html}
}

@online{_windows7_2016,
	title = {Windows7 - {strongSwan}},
	url = {https://wiki.strongswan.org/projects/strongswan/wiki/Windows7},
	shorttitle = {Wiki-Windows 7},
	urldate = {2016-07-31},
	date = {2016-07-12},
	file = {Windows7 - strongSwan:/home/thermi/.zotero/zotero/2jo0gjd3.default/zotero/storage/C2UC4NDT/Windows7.html:text/html}
}

@online{_windows_2015,
	title = {Windows - {strongSwan}},
	url = {https://wiki.strongswan.org/projects/strongswan/wiki/Windows},
	shorttitle = {Wiki-Windows},
	urldate = {2016-08-13},
	date = {2015-10-03},
	file = {Windows - strongSwan:/home/thermi/.zotero/zotero/2jo0gjd3.default/zotero/storage/8KPJHUZX/Windows.html:text/html}
}